@inproceedings{gilbert2010widespread,
  title={Widespread worry and the stock market},
  author={Gilbert, E. and Karahalios, K.},
  booktitle={Proceedings of the international conference on weblogs and social media},
  volume={2},
  number={1},
  pages={229--247},
  year={2010}
}

@inproceedings{gilbert2012phrases,
  title={Phrases that signal workplace hierarchy},
  author={Gilbert, E.},
  booktitle={Proceedings of the ACM 2012 conference on Computer Supported Cooperative Work},
  pages={1037--1046},
  year={2012},
  organization={ACM}
}

@article{asur2010predicting,
  title={Predicting the future with social media},
  author={Asur, S. and Huberman, B.A.},
  journal={arXiv preprint arXiv:1003.5699},
  year={2010}
}

@inproceedings{gruhl2005predictive,
  title={The predictive power of online chatter},
  author={Gruhl, D. and Guha, R. and Kumar, R. and Novak, J. and Tomkins, A.},
  booktitle={Proceedings of the eleventh ACM SIGKDD international conference on Knowledge discovery in data mining},
  pages={78--87},
  year={2005},
  organization={ACM}
}

@mastersthesis{ehrenfeld2011predicting,
  title={Predicting video game sales using an analysis of internet message board discussions},
  author={Ehrenfeld, S.E.},
  year={2011},
  school={San Diego State University}
}

@inproceedings{marcoux2009hybrid,
  title={A hybrid subspace-connectionist data mining approach for sales forecasting in the video game industry},
  author={Marcoux, J. and Selouani, S.A.},
  booktitle={2009 WRI World Congress on Computer Science and Information Engineering},
  volume={5},
  pages={666--670},
  year={2009},
  organization={IEEE}
}

@article{dellarocas2007exploring,
  title={Exploring the value of online product reviews in forecasting sales: The case of motion pictures},
  author={Dellarocas, C. and Zhang, X.M. and Awad, N.F.},
  journal={Journal of Interactive Marketing},
  volume={21},
  number={4},
  pages={23--45},
  year={2007},
  publisher={Wiley Online Library}
}

@article{yu2012mining,
  title={Mining Online Reviews for Predicting Sales Performance: A Case Study in the Movie Domain},
  author={Yu, X. and Liu, Y. and Huang, X. and An, A.},
  journal={IEEE Transactions on Knowledge and Data Engineering},
  volume={24},
  number={4},
  pages={720--734},
  year={2012},
  publisher={IEEE}
}

@inproceedings{ghose2007designing,
  title={Designing novel review ranking systems: predicting the usefulness and impact of reviews},
  author={Ghose, A. and Ipeirotis, P.G.},
  booktitle={Proceedings of the ninth international conference on Electronic commerce},
  pages={303--310},
  year={2007},
  organization={ACM}
}

@article{liu2001word,
  title={Word-of-mouth for movies: Its dynamics and impact on box office revenue},
  author={Liu, Y.},
  journal={Journal of marketing},
  volume={70},
  number={3},
  pages={74--89},
  year={2006}
}

@article{duan2008online,
  title={Do online reviews matter?â€”An empirical investigation of panel data},
  author={Duan, W. and Gu, B. and Whinston, A.B.},
  journal={Decision Support Systems},
  volume={45},
  number={4},
  pages={1007--1016},
  year={2008},
  publisher={Elsevier}
}

@inproceedings{gilbert2010deja,
  title={Understanding deja reviewers},
  author={Gilbert, Eric and Karahalios, Karrie},
  booktitle={Proceedings of the 2010 ACM conference on Computer supported cooperative work},
  pages={225--228},
  year={2010},
  organization={ACM}
}

@article{zagal2011natural,
  title={Natural Language Processing for Games Studies Research},
  author={Zagal, Jose P and Tomuro, Noriko and Shepitsen, Andriy},
  journal={Journal of Simulation \& Gaming (S\&G), Special Issue on Games Research Methods},
  volume={43},
  number={3},
  pages={353--370},
  year={2011}
}

@techreport{chevalier2003effect,
  title={The effect of word of mouth on sales: Online book reviews},
  author={Chevalier, Judith A and Mayzlin, Dina},
  year={2003},
  institution={National Bureau of Economic Research}
}

@article{forman2008examining,
  title={Examining the relationship between reviews and sales: The role of reviewer identity disclosure in electronic markets},
  author={Forman, Chris and Ghose, Anindya and Wiesenfeld, Batia},
  journal={Information Systems Research},
  volume={19},
  number={3},
  pages={291--313},
  year={2008},
  publisher={INFORMS}
}